@article{riscmanual, 
    year            = 2017,
    month           = {May},
    institution     = {RISC-V International},
    title           = {The RISC-V Instruction Set Manual},
    howpublished    = {\url{https://riscv.org/wp-content/uploads/2017/05/riscv-spec-v2.2.pdf}}
}

@article{extendrisc, 
    author          = {Codasip},
    year            = 2019,
    month           = {June},
    institution     = {Design And Reuse},
    title           = {Extending RISC-V ISA With a Custom Instruction Set Extension},
    howpublished    = {\url{https://www.design-reuse.com/articles/46237/extending-risc-v-isa-with-a-custom-instruction-set-extension.html}}
}

@misc{libcrypto, 
    author          = {RISC-V},
    title           = {Riscv-crypto},
    howpublished    = {\url{https://github.com/riscv/riscv-crypto/tree/master/benchmarks}}
}

@misc{rainbowgit, 
    author          = {Fast Crypto Lab},
    title           = {Rainbow-submission-round2},
    howpublished    = {\url{https://github.com/fast-crypto-lab/rainbow-submission-round2}}
}

@misc{PQVexRiscV, 
    author          = {mupq},
    title           = {PQVexRiscV},
    howpublished    = {\url{https://github.com/mupq/pqriscv-vexriscv}}
}

@misc{refcurve, 
    author          = {Matthew Dempsky},
    title           = {Reference-curve25519},
    howpublished    = {\url{https://github.com/krig/nacl/tree/master/crypto_scalarmult/curve25519/ref}}
}

@misc{serialport, 
    author          = {Francis Gulotta},
    title           = {Serialport library},
    howpublished    = {\url{https://serialport.io/}}
}

@misc{nodejs, 
    institution     = {OpenJS Foundation},
    title           = {NodeJS},
    howpublished    = {\url{https://nodejs.org/}}
}

@misc{cryptobook, 
    author          = {Svetlin Nakov},
    title           = {Practical Cryptography for Developers},
    howpublished    = {\url{https://cryptobook.nakov.com/}}
}

@misc{ancientmult, 
    author          = {Alexander Bogomolny},
    title           = {Egyptian Multiplication},
    howpublished    = {\url{https://www.cut-the-knot.org/Curriculum/Algebra/EgyptianMultiplication.shtml}}
}